<?xml version="1.0" encoding="UTF-8"?><collection xmlns="http://www.loc.gov/MARC21/slim"><record><leader>00390nam--2200133-i-4500</leader><controlfield tag="001">000022215</controlfield><controlfield tag="002">20161230</controlfield><controlfield tag="005">20161230201034</controlfield><controlfield tag="008">060222s1000------------r-----000-0-eng-d</controlfield><datafield ind1=" " ind2=" " tag="100"><subfield code="a">Haug Theobald</subfield></datafield><datafield ind1=" " ind2=" " tag="245"><subfield code="a">Darstellung und reaktionen von alkylierten pyrayolen und pyrayolo (3,4-d) pyrimidinen</subfield></datafield><datafield ind1=" " ind2=" " tag="260"><subfield code="a">Stuttarta, Technische Hochschule, 1963 75 P</subfield></datafield><datafield ind1=" " ind2=" " tag="490"><subfield code="a">Disertatie</subfield></datafield><datafield ind1=" " ind2=" " tag="852"><subfield code="a">19000</subfield></datafield></record></collection>